
@ARTICLE{SofueVera2000,
       author = {{Sofue}, Yoshiaki and {Rubin}, Vera},
        title = "{Rotation Curves of Spiral Galaxies}",
      journal = {Abgerufen am 2. September 2023 von Arxive: \url{https://ui.adsabs.harvard.edu/abs/2001ARA&A..39..137S}},
     keywords = {Astrophysics},
         year = 2001,
        month = jan,
       volume = {39},
        pages = {137-174},
}


@phdthesis{Moeller2010,
    title        = {Rotation von Galaxien},
    author       = {Ann-Kirstin Moeller},
    year         = 2010,
    month        = {August},
    address      = {Example City, CA},
    note         = {Available at \url{https://www2.physik.uni-bielefeld.de/fileadmin/user_upload/theory_e6/Bachelor_Theses/Bachelorarbeit_AnnKristinMoeller.pdf}},
    school       = {Universität Bielefeld},
    type         = {Bachelor thesis}
}

@BOOK{Anderl2023,
  author = "Sibylle Anderl",
  title = "Dunkle Materie: Das grosse Rätsel der Kosmologie",
  address = "München",
  publisher = "C.H.Beck",
  year = "2023",
  edition = "2",
  pages = "22--30"
}

@BOOK{Bührke2022,
  author = "Thomas Bührke",
  title = "Was ist Munkle Materie: Die Suche nach der unsichtbaren Kraft im All",
  address = "Stuttgart",
  publisher = "Franckh-Kosmos Verlags-GmbH",
  year = "2022",
  edition = "1"
}

@BOOK{Ribas2020,
  author = "Ignasi Ribas",
  title = "Unsere Galaxis: Eine faszinierende Reise durch die Milchstrasse",
  address = "München",
  publisher = "National Geography",
  year = "2020",
  edition = "1"
}

@BOOK{Hornung1998,
  author = "Erik Hornung",
  title = "Die Nachtfahrt der Sonne",
  address = "Düsseldorf",
  publisher = "Artemis und Winkler",
  year = "1998",
  edition = "1"
}

@BOOK{Friedrich1968,
  author = "Becker Friedrich",
  title = "Geschichte der Astronomie",
  address = "Mannheim",
  publisher = " Bibliographisches Institut, B.I.-Wissenschaftsverlag",
  year = "1969",
  edition = "1"
}

@BOOK{Walker1999,
  author = "Christopher Walker",
  title = "Astronomy Befor the Telescope",
  address = "London",
  publisher = "British Museum Press",
  year = "1999",
  edition = "1"
}